
@MANUAL{ibmvecbuiltins,
  author = {IBM},
  title = {XL C for AIX v13.1.3, Vector built-in functions},
  howpublished = {IBM Knowledge Center},
  month = {August},
  year = {2015},
  owner = {aheimbrecht},
  timestamp = {2017.01.25},
  url = {http://www.ibm.com/support/knowledgecenter/SSGH2K_13.1.3/com.ibm.xlc1313.aix.doc/compiler_ref/vec_intrin_cpp.html},
  note = {Accessed 2017.01.25}
}
@MISC{altivecbuiltins,
  author = {Mauricio Alvarez},
  title = {Adding New SIMD Instructions to the GCC Back-end},
  month = {March},
  year = {2006},
  owner = {aheimbrecht},
  timestamp = {2017.01.25},
  url ={http://people.ac.upc.edu/alvarez/media/gcc-isa-extensions.html},
  note = {Accessed 2017.01.25}
}
@MANUAL{GCCinternals,
  author = {Free Software Foundation Inc.},
  title = {GNU COmpiler Collectioin Internals Manual},
  year = {2017},
  owner = {aheimbrecht},
  timestamp = {2017.01.25},
  url ={http://people.ac.upc.edu/alvarez/media/gcc-isa-extensions.html},
  note = {https://gcc.gnu.org/onlinedocs/gccint/index.html}
}
