
@MANUAL{ibmvecbuiltins,
  author = {IBM},
  title = {XL C for AIX v13.1.3, Vector built-in functions},
  howpublished = {IBM Knowledge Center},
  month = {August},
  year = {2015},
  owner = {aheimbrecht},
  timestamp = {2017.01.25},
  url = {http://www.ibm.com/support/knowledgecenter/SSGH2K_13.1.3/com.ibm.xlc1313.aix.doc/compiler_ref/vec_intrin_cpp.html},
  note = {Accessed 2017.01.25}
}
@MISC{altivecbuiltins,
  author = {Mauricio Alvarez},
  title = {Adding New SIMD Instructions to the GCC Back-end},
  month = {March},
  year = {2006},
  owner = {aheimbrecht},
  timestamp = {2017.01.25},
  url ={http://people.ac.upc.edu/alvarez/media/gcc-isa-extensions.html},
  note = {Accessed 2017.01.25}
}
@MISC{AV:registers,
  organization = {NXP},
  title = {AltiVec manual},
  owner = {aheimbrecht},
  timestamp = {2017.01.25},
  url ={},
  note = {chapter}
}
@MANUAL{GCCint,
  organization = {Free Software Foundation Inc.},
  title = {GNU Compiler Collection Internals Manual},
  year = {2017},
  owner = {aheimbrecht},
  timestamp = {2017.01.25},
  url ={http://people.ac.upc.edu/alvarez/media/gcc-isa-extensions.html},
  note = {https://gcc.gnu.org/onlinedocs/gccint/index.html}
}

@INBOOK{definitveGCCGuide:introduction,
  chapter = {Introduction},
  pages = {xxiii-xxix},
  title = {The Definitive Guide to
  GCC},
  publisher = {Apress},
  year = {2006},
  author = {William von Hagen},
  type = {Section},
  edition = {Second}
}
@MISC{heimbrecht_2017internship,
  author = {Heimbrecht, Arthur},
  title = {Internship Report --- AltiVec Intrinsics},
  year = {2017},
  month = {January},
  institution = {Kirchhoff-Institut f\"ur Physik, Ruprecht-Karls-Universit\"at Heidelberg},
}

@ARTICLE{PPU,
  author = {Simon Friedmann and Johannes Schemmel and Andreas Gr√ºbl and Andreas Hartel and Matthias Hock and Karlheinz Meier},
  title = {Demonstrating Hybrid Learning in a Flexible Neuromorphic Hardware System},
  journal = {},
  year = {2016},
  month = {October},
}

@MANUAL{nuxmanual,
  author = {Simon Friedmann},
  title = {nux Manual},
  month = {April},
  year = {2016},
  owner = {aheimbrecht},
  timestamp = {2017.01.25},
}

@MISC{GCCwiki:reload,
  organization = {Free Software Foundation Inc.},
  title = {GCC wiki},
  month = {July},
  year = {2013},
  owner = {aheimbrecht},
  timestamp = {2017.01.25},
  url ={https://gcc.gnu.org/wiki/reload},
  note = {Accessed 2017.03.26}
}

@MANUAL{GCCint:iterator,
  organization = {Free Software Foundation Inc.},
  title = {GNU Compiler Collection Internals Manual},
  year = {2017},
  owner = {aheimbrecht},
  timestamp = {2017.01.25},
  url ={https://gcc.gnu.org/onlinedocs/gccint/Iterators.html},
  note = {16.23 Iterators}
}

@MANUAL{GCCint:sideeffect,
  organization = {Free Software Foundation Inc.},
  title = {GNU Compiler Collection Internals Manual},
  year = {2017},
  owner = {aheimbrecht},
  timestamp = {2017.01.25},
  url ={https://gcc.gnu.org/onlinedocs/gccint/Side-Effects.html},
  note = {13.15 Side Effect Expressions}
}

@MANUAL{GCCint:regsnmem,
  organization = {Free Software Foundation Inc.},
  title = {GNU Compiler Collection Internals Manual},
  year = {2017},
  owner = {aheimbrecht},
  timestamp = {2017.01.25},
  url ={https://gcc.gnu.org/onlinedocs/gccint/Regs-and-Memory.html},
  note = {13.8 Registers and Memory}
}

@MANUAL{GCCint:arith,
  organization = {Free Software Foundation Inc.},
  title = {GNU Compiler Collection Internals Manual},
  year = {2017},
  owner = {aheimbrecht},
  timestamp = {2017.01.25},
  url ={https://gcc.gnu.org/onlinedocs/gccint/Arithmetic.html},
  note = {13.9 RTL Expressions for Arithmetic}
}

@MANUAL{GCCint:attributes,
  organization = {Free Software Foundation Inc.},
  title = {GNU Compiler Collection Internals Manual},
  year = {2017},
  owner = {aheimbrecht},
  timestamp = {2017.01.25},
  url ={https://gcc.gnu.org/onlinedocs/gccint/Insn-Attributes.html},
  note = {16.19 Instruction Attributes}
}

@MANUAL{GCCint:defineexpand,
  organization = {Free Software Foundation Inc.},
  title = {GNU Compiler Collection Internals Manual},
  year = {2017},
  owner = {aheimbrecht},
  timestamp = {2017.01.25},
  url ={https://gcc.gnu.org/onlinedocs/gccint/Expander-Definitions.html},
  note = {16.15 Defining RTL Sequences for Code Generation}
}

@MANUAL{GCCint:definesplit,
  organization = {Free Software Foundation Inc.},
  title = {GNU Compiler Collection Internals Manual},
  year = {2017},
  owner = {aheimbrecht},
  timestamp = {2017.01.25},
  url ={https://gcc.gnu.org/onlinedocs/gccint/Insn-Splitting.html},
  note = {16.16 Defining How to Split Instructions}
}
@MANUAL{GCCint:regclasses,
  organization = {Free Software Foundation Inc.},
  title = {GNU Compiler Collection Internals Manual},
  year = {2017},
  owner = {aheimbrecht},
  timestamp = {2017.01.25},
  url ={https://gcc.gnu.org/onlinedocs/gccint/Register-Classes.html},
  note = {17.8 Register Classes}
}
@MANUAL{GCCint:stdnames,
  organization = {Free Software Foundation Inc.},
  title = {GNU Compiler Collection Internals Manual},
  year = {2017},
  owner = {aheimbrecht},
  timestamp = {2017.01.25},
  url ={https://gcc.gnu.org/onlinedocs/gccint/Standard-Names.html},
  note = {16.9 Standard Pattern Names For Generation}
}
@MANUAL{GCCint:options,
  organization = {Free Software Foundation Inc.},
  title = {GNU Compiler Collection Internals Manual},
  year = {2017},
  owner = {aheimbrecht},
  timestamp = {2017.01.25},
  url ={https://gcc.gnu.org/onlinedocs/gccint/Options.html},
  note = {8 Option specification files}
}
@MANUAL{GCCint:modes,
  organization = {Free Software Foundation Inc.},
  title = {GNU Compiler Collection Internals Manual},
  year = {2017},
  owner = {aheimbrecht},
  timestamp = {2017.01.25},
  url ={https://gcc.gnu.org/onlinedocs/gccint/Machine-Modes.html},
  note = {13.6 Machine Modes}
}
@MANUAL{GCCint:defineinsn,
  organization = {Free Software Foundation Inc.},
  title = {GNU Compiler Collection Internals Manual},
  year = {2017},
  owner = {aheimbrecht},
  timestamp = {2017.01.25},
  url ={https://gcc.gnu.org/onlinedocs/gccint/Patterns.html},
  note = {16.2 Everything about Instruction Patterns}
}
@MANUAL{GCCint:RTL,
  organization = {Free Software Foundation Inc.},
  title = {GNU Compiler Collection Internals Manual},
  year = {2017},
  owner = {aheimbrecht},
  timestamp = {2017.01.25},
  url ={https://gcc.gnu.org/onlinedocs/gccint/RTL.html},
  note = {13 RTL Representation}
}
@MANUAL{GCCint:asm,
  organization = {Free Software Foundation Inc.},
  title = {GNU Compiler Collection Internals Manual},
  year = {2017},
  owner = {aheimbrecht},
  timestamp = {2017.01.25},
  url ={https://gcc.gnu.org/onlinedocs/gccint/Extended-Asm.html},
  note = {6.45.2 Extended Asm - Assembler Instructions with C Expression Operands}
}
@MANUAL{GCCint:constraints,
  organization = {Free Software Foundation Inc.},
  title = {GNU Compiler Collection Internals Manual},
  year = {2017},
  owner = {aheimbrecht},
  timestamp = {2017.01.25},
  url ={https://gcc.gnu.org/onlinedocs/gccint/Constraints.html},
  note = {16.8 Operand Constraints}
}
@MANUAL{GCCint:defconstraints,
  organization = {Free Software Foundation Inc.},
  title = {GNU Compiler Collection Internals Manual},
  year = {2017},
  owner = {aheimbrecht},
  timestamp = {2017.01.25},
  url ={https://gcc.gnu.org/onlinedocs/gccint/Define-Constraints.html},
  note = {16.8.7 Defining Machine-Specific Constraints}
}
@MANUAL{GCCint:defpredicates,
  organization = {Free Software Foundation Inc.},
  title = {GNU Compiler Collection Internals Manual},
  year = {2017},
  owner = {aheimbrecht},
  timestamp = {2017.01.25},
  url ={https://gcc.gnu.org/onlinedocs/gccint/Define-Predicates.html},
  note = {16.8.7 Defining Machine-Specific Constraints}
}
@MANUAL{GCCint:predicates,
  organization = {Free Software Foundation Inc.},
  title = {GNU Compiler Collection Internals Manual},
  year = {2017},
  owner = {aheimbrecht},
  timestamp = {2017.01.25},
  url ={https://gcc.gnu.org/onlinedocs/gccint/Predicates.html},
  note = {16.7 Predicates}
}
@MANUAL{GCCint:funcentry,
  organization = {Free Software Foundation Inc.},
  title = {GNU Compiler Collection Internals Manual},
  year = {2017},
  owner = {aheimbrecht},
  timestamp = {2017.01.25},
  url ={https://gcc.gnu.org/onlinedocs/gccint/Function-Entry.html},
  note = {17.9.11 Function Entry and Exit}
}
